@misc{omg2008unified
,	title	= {Unified Modeling Language (OMG UML)}
,	author	= {OMG, OMG}
,	year	= {2008}
,	publisher	= {Superstructure}
}

@article{fum,
  title={1.1 specification},
  author={fUML, OMG},
  journal={Internet: http://www.omg.org/spec/FUML/1.1/PDF/},
  year={2013}
}

@misc{ea,
    title     = "Enterprise Architect",
    author    = "Sparx Systems",
    howpublished = "Internet: http://www.sparxsystems.com.au/products/ea/index.html"
    year     = "2000",
}

@article{AMT,
  author = "Brahim BOUSETTA ,Omar EL BEGGAR, Toufiq GADI",
  year = "2014",
  title = "A model transformation approach for code generation from statemachine diagram",
  journal = IADIS International",
  volume = "9",
  pages = 1-15"
}

@book{ERRJ:Design,
 author = "Erich G., Richard H. , Ralph J. , John V.",
 title = {Design Patterns, Elements of Reusable Object-Oriented Software},
 year = {1995},
 publisher = "Addison-Wesley"
 isbn = {0-201-63361-2}
}

@article{jt,
  title={Using and porting GNU Fortran},
  author={Burley, James Craig},
  journal={URL: http://gcc. gnu. org/onlinedocs/gcc-3.4},
  volume={6},
  pages={g77},
  year={1995}
}

@incollection{pilitowski2007code,
  title={Code generation and execution framework for UML 2.0 classes and state machines},
  author={Pilitowski, Romuald and Derezi{\~n}ska, Anna},
  booktitle={Innovations and Advanced Techniques in Computer and Information Sciences and Engineering},
  pages={421--427},
  year={2007},
  publisher={Springer}
}

@misc{bp,
    title     = " BridgePoint",
    author    = "Mentor Graphics",
    howpublished = "Internet: http://www.mentor.com/products/sm/bridgepoint"
    year     = "2008",
}

@incollection{bjorklund2004unified,
  title={A unified approach to code generation from behavioral diagrams},
  author={Bj{\"o}rklund, Dag and Lilius, Johan and Porres, Ivan},
  booktitle={Languages for system specification},
  pages={20--34},
  year={2004},
  publisher={Springer}
}

@incollection{eshuis2001execution,
  title={An execution algorithm for UML activity graphs},
  author={Eshuis, Rik and Wieringa, Roel},
  booktitle={UML 2001—The Unified Modeling Language. Modeling Languages, Concepts, and Tools},
  pages={47--61},
  year={2001},
  publisher={Springer}
}

@misc{EPC,
    author    = "Anna Derezińska, Romuald Pilitowski",
    title     = "Event Processing in Code Generation and Execution
Framework of UML State Machines",
   howpublished = "Institute of Computer Science, W
arsaw University of Technology,
 Nowowiejska 15/19 
00-665 Warsaw, Poland"
    year     = "2007",
}

@article{omg20052,
  title={2.0 Specification},
  author={OMG, OCL},
  journal={Object Management Group, Final Adopted Specification},
  year={2005}
}

@article{coplien1995curiously,
  title={Curiously recurring template patterns},
  author={Coplien, James O},
  journal={C++ Report},
  volume={7},
  number={2},
  pages={24--27},
  year={1995},
  publisher={SIGS Publications, Inc.}
}

@inproceedings{storrle2004semantics
,	title	= {Semantics of structured nodes in UML 2.0 activities}
,	author	= {St\"orrle, Harald}
,	booktitle	= {Nordic Workshop on UML}
,	volume	= {2}
,	pages	= {19--32}
,	year	= {2004}
}

@book{mellor2002executable,
  title={Executable UML: A foundation for model-driven architectures},
  author={Mellor, Stephen J and Balcer, Marc and Foreword By-Jacoboson, Ivar},
  year={2002},
  publisher={Addison-Wesley Longman Publishing Co., Inc.}
}

@incollection{harel2004rhapsody,
  title={The rhapsody semantics of statecharts (or, on the executable core of the UML)},
  author={Harel, David and Kugler, Hillel},
  booktitle={Integration of Software Specification Techniques for Applications in Engineering},
  pages={325--354},
  year={2004},
  publisher={Springer}
}

@article{von2002structured,
  title={A structured operational semantics for UML-statecharts},
  author={von der Beeck, Michael},
  journal={Software and Systems Modeling},
  volume={1},
  number={2},
  pages={130--141},
  year={2002},
  publisher={Springer}
}

@misc{txtuml,
    title     = " txtUML",
    author    = "ELTE",
    howpublished = "Internet: http://txtuml.inf.elte.hu/"
    year     = "2015",
}

@article{donni2007boost,
  title={The boost statechart library},
  author={D{\"o}nni, Andreas Huber},
  journal={Internet: http://www. boost. org/doc/libs/1\_46\_0/libs/statechart/doc/index. html},
  pages={197},
  year={2007}
}

@article{henry2008meta,
  title={Meta State Machine (MSM)},
  author={Henry, Christophe},
  journal={Internet: http://www. boost. org/doc/libs/1\_49\_0/libs/msm/doc/HTML/index. html},
  volume={2},
  number={010},
  pages={197},
  year={2008}
}

@article{murata1989petri,
  title={Petri nets: Properties, analysis and applications},
  author={Murata, Tadao},
  journal={Proceedings of the IEEE},
  volume={77},
  number={4},
  pages={541--580},
  year={1989},
  publisher={IEEE}
}

@misc{euml,
	title	= {Eclipse EMF},
	year	= {2015},
	 howpublished = "Internet: https://www.eclipse.org/modeling/emf/"
}

